@article{allaud,
  author = {G. Allaud and E. Fadell},
  title = {A Fiber Homotopy Extension Theorem},
  journal = {Transactions of the American Mathematical Society},
  volume = {104},
  pages = {239--251},
  year = {1962}
}

@thesis{alex,
  author = {A. M. Barbosa},
  title = {Classes de Stiefel-Whitney e de Euler},
  school = {Universidade Estadual Paulista "Júlio de Mesquita Filho"},
  year = {2017}
}

@article{begle,
  author = {E. G. Begle},
  title = {Duality Theorems for Generalized Manifolds},
  journal = {American Journal of Mathematics},
  volume = {67},
  number = {1},
  pages = {59--70},
  year = {1945}
}

@article{biasi,
  author = {C. Biasi and J. Daccach and O. Saeki},
  title = {A Primary Obstruction to Topological Embeddings for Maps between Generalized Manifolds},
  journal = {Pacific Journal of Mathematics},
  volume = {197},
  number = {2},
  pages = {275--289},
  year = {2001}
}

@article{borel,
  author = {A. Borel},
  title = {The Poincaré Duality in Generalized Manifolds},
  journal = {Michigan Mathematical Journal},
  volume = {4},
  pages = {227--239},
  year = {1957}
}

@book{bredon_2,
  author = {G. E. Bredon},
  title = {Sheaf Theory},
  edition = {2nd},
  publisher = {Springer-Verlag},
  year = {1997}
}

@book{bredon,
  author = {G. E. Bredon},
  title = {Topology and Geometry},
  publisher = {Springer-Verlag},
  year = {1993}
}

@article{bredon_3,
  author = {G. E. Bredon},
  title = {Wilder Manifolds are Locally Orientable},
  journal = {Proceedings of the National Academy of Sciences of the United States of America},
  volume = {63},
  number = {4},
  pages = {1079--1081},
  year = {1969}
}

@article{brown,
  author = {R. F. Brown},
  title = {Path Fields on Manifolds},
  journal = {Transactions of the American Mathematical Society},
  volume = {118},
  pages = {180--191},
  year = {1965}
}

@article{brown_2,
  author = {R. F. Brown and E. Fadell},
  title = {Nonsingular Path Fields on Compact Topological Manifolds},
  journal = {Proceedings of the American Mathematical Society},
  volume = {16},
  number = {6},
  pages = {1342--1349},
  year = {1965}
}

@article{mio_1,
  author = {J. Bryant and S. Ferry and W. Mio and S. Weinberger},
  title = {Topology of Homology Manifolds},
  journal = {Annals of Mathematics},
  volume = {143},
  number = {3},
  pages = {435--467},
  year = {1996}
}

@article{mio_2,
  author = {J. Bryant and S. Ferry and W. Mio and S. Weinberger},
  title = {Topology of Homology Manifolds},
  journal = {Bulletin of the American Mathematical Society},
  volume = {28},
  number = {2},
  pages = {324--328},
  year = {1993}
}

@book{gm-book,
  author = {A. Cavicchioli and F. Hegenbarth and D. Repovs},
  title = {Higher-Dimensional Generalized Manifolds: Surgery and Constructions},
  publisher = {European Mathematical Society},
  series = {Series of Lectures in Mathematics},
  year = {2016}
}

@book{daverman,
  author = {R. J. Daverman and G. A. Venema},
  title = {Embeddings in Manifolds},
  publisher = {American Mathematical Society},
  year = {2009}
}

@book{kirk,
  author = {J. F. Davis and P. Kirk},
  title = {Lectures Notes in Algebraic Topology},
  publisher = {American Mathematical Society},
  year = {2001}
}

@book{dieudonne,
  author = {J. Dieudonné},
  title = {A History of Algebraic and Differential Topology, 1900-1960},
  publisher = {Birkhäuser},
  series = {Modern Birkhäuser Classics Series},
  year = {2000}
}

@book{dold,
  author = {A. Dold},
  title = {Lectures on Algebraic Topology},
  edition = {2nd},
  publisher = {Springer-Verlag},
  year = {1980}
}

@article{fadell_1,
  author = {E. Fadell},
  title = {Generalized Normal Bundles for Locally-Flat Imbeddings},
  journal = {Transactions of the American Mathematical Society},
  volume = {114},
  number = {2},
  pages = {488--513},
  year = {1965}
}

@article{fadell_4,
  author = {E. Fadell},
  title = {Locally Flat Immersions and Whitney Duality},
  journal = {Duke Mathematical Journal},
  volume = {32},
  pages = {37--52},
  year = {1965}
}

@article{fadell_2,
  author = {E. Fadell},
  title = {On Fiber Homotopy Equivalence},
  journal = {Duke Mathematical Journal},
  volume = {26},
  pages = {699--706},
  year = {1959}
}

@article{fadell_3,
  author = {E. Fadell},
  title = {On Fiber Spaces},
  journal = {Transactions of the American Mathematical Society},
  volume = {90},
  pages = {1--14},
  year = {1959}
}

@article{halverson,
  author = {D. M. Halverson},
  title = {Detecting Codimension one Manifold Factors with the Disjoint Homotopies Property},
  journal = {Topology and its Applications},
  volume = {117},
  pages = {231--258},
  year = {2002}
}

@book{hatcher,
  author = {A. Hatcher},
  title = {Algebraic Topology},
  publisher = {Cambridge University Press},
  year = {2001}
}

@book{hatcher_2,
  author = {A. Hatcher},
  title = {Vector Bundles and K-Theory},
  publisher = {Cambridge University Press},
  year = {2001}
}

@book{hausmann,
  author = {J. C. Hausmann},
  title = {Mod Two Homology and Cohomology},
  publisher = {Springer},
  year = {2014}
}

@article{hegenbarth,
  author = {F. Hegenbarth and D. Repovs},
  title = {The Relationship of Generalized Manifolds to Poincaré Duality Complexes and Topological Manifolds},
  journal = {Topology and its Applications},
  volume = {239},
  pages = {126--141},
  year = {2018}
}

@book{hungerford,
  author = {T. W. Hungerford},
  title = {Algebra},
  publisher = {Springer-Verlag},
  year = {1974}
}

@article{hurewicz,
  author = {W. Hurewicz},
  title = {On the Concept of Fiber Space},
  journal = {Proceedings of the National Academy of Sciences of United States of America},
  volume = {41},
  pages = {956--961},
  year = {1955}
}

@article{hurewicz_2,
  author = {W. Hurewicz and E. Fadell},
  title = {On the Spectral Sequence of a Fiber Space},
  journal = {Proceedings of the National Academy of Sciences of the United States of America},
  volume = {41},
  number = {11},
  pages = {961--964},
  year = {1955}
}

@article{hurewicz_3,
  author = {W. Hurewicz and E. Fadell},
  title = {On the Spectral Sequence of a Fiber Space II},
  journal = {Proceedings of the National Academy of Sciences of the United States of America},
  volume = {43},
  number = {2},
  pages = {241--245},
  year = {1957}
}

@book{husemoller,
  author = {D. Husemoller},
  title = {Fibre Bundles},
  edition = {3rd},
  publisher = {Springer-Verlag},
  year = {1994},
  location = {New York}
}

@book{james,
  author = {I. M. James},
  title = {History of Topology},
  publisher = {Elsevier},
  year = {1999},
  location = {Amsterdam}
}

@book{kirby,
  author = {R. C. Kirby and L. C. Siebenmann},
  title = {Foundational Essays on Topological Manifolds, Smoothings, and Triangulations},
  publisher = {Princeton University Press},
  year = {1977},
  location = {Princeton}
}

@book{lee_s,
  author = {J. M. Lee},
  title = {Introduction to Smooth Manifolds},
  edition = {2nd},
  publisher = {Springer-Verlag},
  year = {2013},
  location = {New York}
}

@book{lee_t,
  author = {J. M. Lee},
  title = {Introduction to Topological Manifolds},
  publisher = {Springer-Verlag},
  year = {2000},
  location = {New York}
}

@book{maclane,
  author = {S. MacLane},
  title = {Homology},
  publisher = {Springer-Verlag},
  year = {1963},
  location = {Berlin}
}

@book{massey,
  author = {W. S. Massey},
  title = {Singular Homology Theory},
  publisher = {Springer-Verlag},
  year = {1980},
  location = {New York}
}

@phdthesis{denise,
  author = {D. de Mattos},
  title = {Sobre Teoremas do Tipo Borsuk-Ulam},
  type = {Ph.D. thesis},
  school = {Universidade de São Paulo},
  year = {2005}
}

@book{may,
  author = {J. P. May},
  title = {A Concise Course in Algebraic Topology},
  publisher = {University of Chicago Press},
  year = {1999},
  location = {Chicago}
}

@misc{milnor_2,
  author = {J. W. Milnor},
  title = {Lectures on Characteristic Classes},
  note = {Mimeographed Notes},
  year = {1957},
  location = {Princeton}
}

@book{milnor_1,
  author = {J. W. Milnor and J. D. Stasheff},
  title = {Characteristic Classes},
  edition = {1st},
  publisher = {Princeton University Press and University of Tokyo Press},
  year = {1974},
  location = {New Jersey}
}

@article{nash,
  author = {J. Nash},
  title = {A Path Space and the Stiefel-Whitney Classes},
  journal = {Proceedings of the National Academy of Sciences of United States of America},
  volume = {41},
  number = {5},
  pages = {320--321},
  year = {1955}
}

@mastersthesis{joao,
  author = {J. C. V. Sampaio},
  title = {O Teorema de Wu},
  type = {Master's thesis},
  school = {Universidade de São Paulo},
  year = {1979}
}

@book{spanier,
  author = {E. H. Spanier},
  title = {Algebraic Topology},
  publisher = {McGraw-Hill Book Co.},
  year = {1966},
  location = {New York}
}

@article{spivak,
  author = {M. Spivak},
  title = {Spaces Satisfying Poincaré Duality},
  journal = {Topology},
  volume = {6},
  pages = {77--101},
  year = {1965}
}

@article{stong,
  author = {R. E. Stong},
  title = {Stiefel-Whitney Classes of Manifolds},
  journal = {Pacific Journal of Mathematics},
  volume = {68},
  number = {1},
  pages = {271--276},
  year = {1977}
}

@book{switzer,
  author = {R. M. Switzer},
  title = {Algebraic Topology-Homotopy and Homology},
  publisher = {Springer-Verlag},
  year = {2002},
  location = {Berlin}
}

@book{vick,
  author = {J. W. Vick},
  title = {Homology Theory: An Introduction to Algebraic Topology},
  edition = {2nd},
  publisher = {Springer-Verlag},
  year = {1994},
  location = {New York}
}

@book{whitehead,
  author = {G. W. Whitehead},
  title = {Elements of Homotopy Theory},
  publisher = {Springer-Verlag},
  year = {1978},
  location = {New York}
}

@book{wilder,
  author = {R. L. Wilder},
  title = {Topology of Manifolds},
  series = {Colloquium Publications},
  volume = {32},
  publisher = {American Mathematical Society},
  year = {1949},
  location = {New York}
}
